%%
%% WinShell 3.3.2.6
%% http://www.winshell.org/
%%

% Strings


% Preamble

% BibTeX Entries
%
%
%
%
%
%
%
%Restyle
@inproceedings{alaluf2021restyle,
	title={Restyle: A residual-based stylegan encoder via iterative refinement},
	author={Alaluf, Yuval and Patashnik, Or and Cohen-Or, Daniel},
	booktitle={Proceedings of the IEEE/CVF international conference on computer vision},
	pages={6711--6720},
	year={2021}
}
%
@article{Chen2020ApplicationOA,
	title={Application of AI technology in interior design},
	author={Zixuan Chen and Xiang Wang},
	journal={E3S Web of Conferences},
	year={2020},
	url={https://api.semanticscholar.org/CorpusID:226695888}
}
%
%
@article{Shin2024CanPM,
	title={Can Prompt Modifiers Control Bias? A Comparative Analysis of Text-to-Image Generative Models},
	author={Philip Wootaek Shin and Jihyun Janice Ahn and Wenpeng Yin and Jack Sampson and Narayanan Vijaykrishnan},
	journal={ArXiv},
	year={2024},
	volume={abs/2406.05602},
}
%
%
@article{CasteleiroPitrez2024GenerativeAI,
	title={Generative Artificial Intelligence Image Tools among Future Designers: A Usability, User Experience, and Emotional Analysis},
	author={Joana Casteleiro-Pitrez},
	journal={Digit.},
	year={2024},
	volume={4},
	pages={316-332},
}
%
@INPROCEEDINGS{8769486,
	author={Lomov, Ildar and Makarov, Ilya},
	booktitle={2019 2nd International Conference on Computer Applications \& Information Security (ICCAIS)}, 
	title={Generative Models for Fashion Industry using Deep Neural Networks}, 
	year={2019},
	volume={},
	number={},
	pages={1-6},
	keywords={Image segmentation;Biological system modeling;Gallium nitride;Image resolution;Shape;Image reconstruction;Neural networks;Generative Adversarial Networks;Neural Style Transfer;Image Generation;Human Model Generation;Design Methodology;Artificial Intelligence for Fashion;Computational Design},
	doi={10.1109/CAIS.2019.8769486},
}
%
%
@article{DBLP-abs-2107-10139,
	author       = {Luke A. Bauer and
	Vincent Bindschaedler},
	title        = {Generative Models for Security: Attacks, Defenses, and Opportunities},
	journal      = {CoRR},
	volume       = {abs/2107.10139},
	year         = {2021},
	url          = {https://arxiv.org/abs/2107.10139},
	eprinttype    = {arXiv},
	eprint       = {2107.10139},
	timestamp    = {Thu, 29 Jul 2021 16:14:15 +0200},
	biburl       = {https://dblp.org/rec/journals/corr/abs-2107-10139.bib},
	bibsource    = {dblp computer science bibliography, https://dblp.org}
}
%
%https://techcrunch.com/2019/07/01/deepfake-revenge-porn-is-now-illegal-in-virginia/
@article{CaliforniaDeepfakes,
	title={California makes deepfakes illegal to curb revenge porn and doctored political videos},
	author={{Cara Curtis}},
	journal = {},
	year={2019},
	url={https://thenextweb.com/news/california-makes-deepfakes-illegal-to-curb-revenge-porn-and-doctored-political-videos},
	note={Accessed: 2024-09-24}
}
%
@article{VirginiaDeepfake,
	title={Deepfake revenge porn is now illegal in Virginia},
	author={Kirsten Korosec},
	journal = {},
	year={2019},
	url={https://techcrunch.com/2019/07/01/deepfake-revenge-porn-is-now-illegal-in-virginia/},
	note={Accessed: 2024-09-24}
}
%
%
@misc{kazerouni2023diffusionmodelsmedicalimage,
	title={Diffusion Models for Medical Image Analysis: A Comprehensive Survey}, 
	author={Amirhossein Kazerouni and Ehsan Khodapanah Aghdam and Moein Heidari and Reza Azad and Mohsen Fayyaz and Ilker Hacihaliloglu and Dorit Merhof},
	year={2023},
	eprint={2211.07804},
	archivePrefix={arXiv},
	primaryClass={eess.IV},
	url={https://arxiv.org/abs/2211.07804}, 
}
%
@misc{wolleb2022diffusionmodelsmedicalanomaly,
	title={Diffusion Models for Medical Anomaly Detection}, 
	author={Julia Wolleb and Florentin Bieder and Robin Sandk√ºhler and Philippe C. Cattin},
	year={2022},
	eprint={2203.04306},
	archivePrefix={arXiv},
	primaryClass={eess.IV},
	url={https://arxiv.org/abs/2203.04306}, 
}
%
%CLIP
@article{abs-2103-00020,
	author       = {Alec Radford and
	Jong Wook Kim and
	Chris Hallacy and
	Aditya Ramesh and
	Gabriel Goh and
	Sandhini Agarwal and
	Girish Sastry and
	Amanda Askell and
	Pamela Mishkin and
	Jack Clark and
	Gretchen Krueger and
	Ilya Sutskever},
	title        = {Learning Transferable Visual Models From Natural Language Supervision},
	journal      = {CoRR},
	volume       = {abs/2103.00020},
	year         = {2021}
}
%
%RINE
@article{koutlis2024leveraging,
	title={Leveraging Representations from Intermediate Encoder-blocks for Synthetic Image Detection},
	author={Koutlis, Christos and Papadopoulos, Symeon},
	journal={arXiv preprint arXiv:2402.19091},
	year={2024}
}
%
%LAION
@article{abs-2111-02114,
	author       = {Christoph Schuhmann and
	Richard Vencu and
	Romain Beaumont and
	Robert Kaczmarczyk and
	Clayton Mullis and
	Aarush Katta and
	Theo Coombes and
	Jenia Jitsev and
	Aran Komatsuzaki},
	title        = {{LAION-400M:} Open Dataset of CLIP-Filtered 400 Million Image-Text
	Pairs},
	journal      = {CoRR},
	volume       = {abs/2111.02114},
	year         = {2021}
}
%
%PNDM
@article{Liu2022PseudoNM,
	title={Pseudo Numerical Methods for Diffusion Models on Manifolds},
	author={Luping Liu and Yi Ren and Zhijie Lin and Zhou Zhao},
	journal={ArXiv},
	year={2022},
	volume={abs/2202.09778},
}
%
%iDDPM
@article{Nichol2021ImprovedDD,
	title={Improved Denoising Diffusion Probabilistic Models},
	author={Alex Nichol and Prafulla Dhariwal},
	journal={ArXiv},
	year={2021},
	volume={abs/2102.09672},
}
%
%ADM
@article{dhariwal2021diffusion,
	title={Diffusion models beat gans on image synthesis},
	author={Dhariwal, Prafulla and Nichol, Alexander},
	journal={Advances in neural information processing systems},
	volume={34},
	pages={8780--8794},
	year={2021}
}
%
%ImageNet
@INPROCEEDINGS{5206848,
	author={Deng, Jia and Dong, Wei and Socher, Richard and Li, Li-Jia and Kai Li and Li Fei-Fei},
	booktitle={2009 IEEE Conference on Computer Vision and Pattern Recognition}, 
	title={ImageNet: A large-scale hierarchical image database}, 
	year={2009},
	volume={},
	number={},
	pages={248-255},
	keywords={Large-scale systems;Image databases;Explosions;Internet;Robustness;Information retrieval;Image retrieval;Multimedia databases;Ontologies;Spine},
	doi={10.1109/CVPR.2009.5206848}}

%
%LSUN
@inproceedings{Yu2015ConstructionOA,
	title={Construction of a Large-scale Image Dataset using Deep Learning with Humans in the Loop},
	author={Fisher Yu and Yinda Zhang and Shuran Song and Ari Seff and Jianxiong Xiao},
	year={2015},
}
%
%Understanding Deep Learning
@book{prince2023understanding,
	author = "Simon J.D. Prince",
	title = "Understanding Deep Learning",
	publisher = "The MIT Press",
	year = 2023,
	url = "http://udlbook.com"
}
%
@InProceedings{pmlr-v37-sohl-dickstein15,
	title = 	 {Deep Unsupervised Learning using Nonequilibrium Thermodynamics},
	author = 	 {Sohl-Dickstein, Jascha and Weiss, Eric and Maheswaranathan, Niru and Ganguli, Surya},
	booktitle = 	 {Proceedings of the 32nd International Conference on Machine Learning},
	pages = 	 {2256--2265},
	year = 	 {2015},
	editor = 	 {Bach, Francis and Blei, David},
	volume = 	 {37},
	series = 	 {Proceedings of Machine Learning Research},
	address = 	 {Lille, France},
	month = 	 {07--09 Jul},
	publisher =    {PMLR},
	pdf = 	 {http://proceedings.mlr.press/v37/sohl-dickstein15.pdf},
	url = 	 {https://proceedings.mlr.press/v37/sohl-dickstein15.html}
}

%
%convolution
@article{convolution,
	author = {Capobianco, Giovanni and Cerrone, Carmine and Di Placido, Andrea and Durand, Daniel and Pavone, Luigi and Russo, Davide and Sebastiano, Fabio},
	year = {2021},
	month = {07},
	pages = {},
	title = {Image convolution: a linear programming approach for filters design},
	volume = {25},
	journal = {Soft Computing},
	doi = {10.1007/s00500-021-05783-5}
}
%
@article{li2024improving,
	title={Improving Synthetic Image Detection Towards Generalization: An Image Transformation Perspective},
	author={Li, Ouxiang and Cai, Jiayin and Hao, Yanbin and Jiang, Xiaolong and Hu, Yao and Feng, Fuli},
	journal={arXiv preprint arXiv:2408.06741},
	year={2024}
}
%
@inproceedings{Vaswani2017AttentionIA,
	title={Attention is All you Need},
	author={Ashish Vaswani and Noam M. Shazeer and Niki Parmar and Jakob Uszkoreit and Llion Jones and Aidan N. Gomez and Lukasz Kaiser and Illia Polosukhin},
	booktitle={Neural Information Processing Systems},
	year={2017},
	url={https://api.semanticscholar.org/CorpusID:13756489}
}
%
%Fusing
@INPROCEEDINGS{9897820,
	author={Ju, Yan and Jia, Shan and Ke, Lipeng and Xue, Hongfei and Nagano, Koki and Lyu, Siwei},
	booktitle={2022 IEEE International Conference on Image Processing (ICIP)}, 
	title={Fusing Global and Local Features for Generalized AI-Synthesized Image Detection}, 
	year={2022},
	volume={},
	number={},
	pages={3465-3469},
	keywords={Deepfakes;Fuses;Forensics;Detectors;Media;Feature extraction;Generative adversarial networks;AI-synthesized Image Detection;Image Forensics;Feature Fusion;Attention Mechanism},
	doi={10.1109/ICIP46576.2022.9897820}}

%
%Spectral Leakage
@online{ni_spectral_leakage,
	author    = {National Instruments},
	title     = {Spectral Leakage},
	year      = {n.d.},
	url       = {https://www.ni.com/docs/en-US/bundle/ni-scope/page/spectral-leakage.html},
	note      = {Accessed: 2024-08-27}
}

%
%
@InProceedings{Zhao_2021_CVPR,
	author    = {Zhao, Hanqing and Zhou, Wenbo and Chen, Dongdong and Wei, Tianyi and Zhang, Weiming and Yu, Nenghai},
	title     = {Multi-Attentional Deepfake Detection},
	booktitle = {Proceedings of the IEEE/CVF Conference on Computer Vision and Pattern Recognition (CVPR)},
	month     = {June},
	year      = {2021},
	pages     = {2185-2194}
}
%
%L0 filter
@article{10.1145/2070781.2024208,
	author = {Xu, Li and Lu, Cewu and Xu, Yi and Jia, Jiaya},
	title = {Image smoothing via L0 gradient minimization},
	year = {2011},
	issue_date = {December 2011},
	publisher = {Association for Computing Machinery},
	address = {New York, NY, USA},
	volume = {30},
	number = {6},
	issn = {0730-0301},
	url = {https://doi.org/10.1145/2070781.2024208},
	doi = {10.1145/2070781.2024208},
	journal = {ACM Trans. Graph.},
	month = {dec},
	pages = {1‚Äì12},
	numpages = {12},
	keywords = {sharpening, image smoothing, filtering, L0 sparsity}
}
%{Global Texture Enhancement
@INPROCEEDINGS{9157447,
	author={Liu, Zhengzhe and Qi, Xiaojuan and Torr, Philip H.S.},
	booktitle={2020 IEEE/CVF Conference on Computer Vision and Pattern Recognition (CVPR)}, 
	title={Global Texture Enhancement for Fake Face Detection in the Wild}, 
	year={2020},
	volume={},
	number={},
	pages={8057-8066},
	keywords={Face;Gallium nitride;Skin;Face detection;Robustness;Image color analysis;Training},
	doi={10.1109/CVPR42600.2020.00808}}

%FIMH
@article{Chen2018FocusMD,
	title={Focus Manipulation Detection via Photometric Histogram Analysis},
	author={Can Chen and Scott McCloskey and Jingyi Yu},
	journal={2018 IEEE/CVF Conference on Computer Vision and Pattern Recognition},
	year={2018},
	pages={1674-1682},
	url={https://api.semanticscholar.org/CorpusID:53875533}
}
%
%Detecting GAN-Generated Imagery Using Saturation Cues
@INPROCEEDINGS{8803661,
	author={McCloskey, Scott and Albright, Michael},
	booktitle={2019 IEEE International Conference on Image Processing (ICIP)}, 
	title={Detecting GAN-Generated Imagery Using Saturation Cues}, 
	year={2019},
	volume={},
	number={},
	pages={4584-4588},
	abstract={Image forensics is an increasingly relevant problem, as it can potentially address online disinformation campaigns and mitigate problematic aspects of social media. Of particular interest, given its recent successes, is the detection of imagery produced by Generative Adversarial Networks (GANs), e.g. `deepfakes'. Leveraging large training sets and extensive computing resources, recent GANs can be trained to generate synthetic imagery which is (in some ways) indistinguishable from real imagery. We analyze the structure of the generating network of a popular GAN implementation [1], and show that the network's treatment of exposure is markedly different from a real camera. We further show that this cue can be used to distinguish GAN-generated imagery from camera imagery, including effective discrimination between GAN imagery and real camera images used to train the GAN.},
	keywords={Gallium nitride;Generators;Forensics;Generative adversarial networks;Cameras;Support vector machines;Training},
	doi={10.1109/ICIP.2019.8803661},
	ISSN={2381-8549},
	month={Sep.},}

%VAE
@article{Kingma2013AutoEncodingVB,
	title={Auto-Encoding Variational Bayes},
	author={Diederik P. Kingma and Max Welling},
	journal={CoRR},
	year={2013},
	volume={abs/1312.6114},
	url={https://api.semanticscholar.org/CorpusID:216078090}
}
%Resnet50
@article{He2015DeepRL,
	title={Deep Residual Learning for Image Recognition},
	author={Kaiming He and X. Zhang and Shaoqing Ren and Jian Sun},
	journal={2016 IEEE Conference on Computer Vision and Pattern Recognition (CVPR)},
	year={2015},
	pages={770-778},
	url={https://api.semanticscholar.org/CorpusID:206594692}
}
%
%NPR
@article{Tan2023RethinkingTU,
	title={Rethinking the Up-Sampling Operations in CNN-based Generative Network for Generalizable Deepfake Detection},
	author={Chuangchuang Tan and Huan Liu and Yao Zhao and Shikui Wei and Guanghua Gu and Ping Liu and Yunchao Wei},
	journal={ArXiv},
	year={2023},
	volume={abs/2312.10461},
	url={https://api.semanticscholar.org/CorpusID:266348433},
	note={Source code available at: \url{https://github.com/chuangchuangtan/NPR-DeepfakeDetection}}
}
%
%Diffusion
@article{Ho2020DenoisingDP,
	title={Denoising Diffusion Probabilistic Models},
	author={Jonathan Ho and Ajay Jain and P. Abbeel},
	journal={ArXiv},
	year={2020},
	volume={abs/2006.11239},
	url={https://api.semanticscholar.org/CorpusID:219955663}
}
@article{Gu2021VectorQD,
	title={Vector Quantized Diffusion Model for Text-to-Image Synthesis},
	author={Shuyang Gu and Dong Chen and Jianmin Bao and Fang Wen and Bo Zhang and Dongdong Chen and Lu Yuan and Baining Guo},
	journal={2022 IEEE/CVF Conference on Computer Vision and Pattern Recognition (CVPR)},
	year={2021},
	pages={10686-10696},
	url={https://api.semanticscholar.org/CorpusID:244714856}
}
%LDM
@article{Rombach2021HighResolutionIS,
	title={High-Resolution Image Synthesis with Latent Diffusion Models},
	author={Robin Rombach and A. Blattmann and Dominik Lorenz and Patrick Esser and Bj{\"o}rn Ommer},
	journal={2022 IEEE/CVF Conference on Computer Vision and Pattern Recognition (CVPR)},
	year={2021},
	pages={10674-10685},
	url={https://api.semanticscholar.org/CorpusID:245335280}
}
%GAN Model
@article{Goodfellow2014GenerativeAN,
	title={Generative adversarial networks},
	author={Ian J. Goodfellow and Jean Pouget-Abadie and Mehdi Mirza and Bing Xu and David Warde-Farley and Sherjil Ozair and Aaron C. Courville and Yoshua Bengio},
	journal={Communications of the ACM},
	year={2014},
	volume={63},
	pages={139 - 144},
	url={https://api.semanticscholar.org/CorpusID:1033682}
}
%
%CNNDetection
@article{Wang2019CNNGeneratedIA,
	title={CNN-Generated Images Are Surprisingly Easy to Spot‚Ä¶ for Now},
	author={Sheng-Yu Wang and Oliver Wang and Richard Zhang and Andrew Owens and Alexei A. Efros},
	journal={2020 IEEE/CVF Conference on Computer Vision and Pattern Recognition (CVPR)},
	year={2019},
	pages={8692-8701},
	url={https://api.semanticscholar.org/CorpusID:209444798}
}
%Frank
@article{Frank2020LeveragingFA,
	title={Leveraging Frequency Analysis for Deep Fake Image Recognition},
	author={Joel Cameron Frank and Thorsten Eisenhofer and Lea Sch{\"o}nherr and Asja Fischer and Dorothea Kolossa and Thorsten Holz},
	journal={ArXiv},
	year={2020},
	volume={abs/2003.08685},
	url={https://api.semanticscholar.org/CorpusID:213175447}
}
%Durall - Watch Your Up-Convolution
@article{Durall2020WatchYU,
	title={Watch Your Up-Convolution: CNN Based Generative Deep Neural Networks Are Failing to Reproduce Spectral Distributions},
	author={Ricard Durall and Margret Keuper and Janis Keuper},
	journal={2020 IEEE/CVF Conference on Computer Vision and Pattern Recognition (CVPR)},
	year={2020},
	pages={7887-7896},
	url={https://api.semanticscholar.org/CorpusID:211988680}
}
%Durall - Unmasking deepfakes with simple features
@article{durall2019unmasking,
	title={Unmasking deepfakes with simple features},
	author={Durall, Ricard and Keuper, Margret and Pfreundt, Franz-Josef and Keuper, Janis},
	journal={arXiv preprint arXiv:1911.00686},
	year={2019}
}

%Patchfor
@inproceedings{Chai2020WhatMF,
	title={What makes fake images detectable? Understanding properties that generalize},
	author={Lucy Chai and David Bau and Ser-Nam Lim and Phillip Isola},
	booktitle={European Conference on Computer Vision},
	year={2020},
	url={https://api.semanticscholar.org/CorpusID:221266121}
}
%F3Net
@article{Qian2020ThinkingIF,
	title={Thinking in Frequency: Face Forgery Detection by Mining Frequency-aware Clues},
	author={Yuyang Qian and Guojun Yin and Lu Sheng and Zixuan Chen and Jing Shao},
	journal={ArXiv},
	year={2020},
	volume={abs/2007.09355},
	url={https://api.semanticscholar.org/CorpusID:220647499}
}
%SelfBland
@article{Shiohara2022DetectingDW,
	title={Detecting Deepfakes with Self-Blended Images},
	author={Kaede Shiohara and T. Yamasaki},
	journal={2022 IEEE/CVF Conference on Computer Vision and Pattern Recognition (CVPR)},
	year={2022},
	pages={18699-18708},
	url={https://api.semanticscholar.org/CorpusID:248227916}
}
%GANDetection
@article{Mandelli2022DetectingGI,
	title={Detecting Gan-Generated Images by Orthogonal Training of Multiple CNNs},
	author={Sara Mandelli and Nicol{\`o} Bonettini and Paolo Bestagini and Stefano Tubaro},
	journal={2022 IEEE International Conference on Image Processing (ICIP)},
	year={2022},
	pages={3091-3095},
	url={https://api.semanticscholar.org/CorpusID:247244841}
}
%BiHPF
@article{Jeong2021BiHPFBH,
	title={BiHPF: Bilateral High-Pass Filters for Robust Deepfake Detection},
	author={Yonghyun Jeong and Doyeon Kim and Seungjai Min and Seongho Joe and Youngjune Gwon and Jongwon Choi},
	journal={2022 IEEE/CVF Winter Conference on Applications of Computer Vision (WACV)},
	year={2021},
	pages={2878-2887},
	url={https://api.semanticscholar.org/CorpusID:237386257}
}
%FrePGAN
@inproceedings{Jeong2022FrePGANRD,
	title={FrePGAN: Robust Deepfake Detection Using Frequency-level Perturbations},
	author={Yonghyun Jeong and Doyeon Kim and Youngmin Ro and Jongwon Choi},
	booktitle={AAAI Conference on Artificial Intelligence},
	year={2022},
	url={https://api.semanticscholar.org/CorpusID:246634415}
}
%LGrad
@article{Tan2023LearningOG,
	title={Learning on Gradients: Generalized Artifacts Representation for GAN-Generated Images Detection},
	author={Chuangchuang Tan and Yao Zhao and Shikui Wei and Guanghua Gu and Yunchao Wei},
	journal={2023 IEEE/CVF Conference on Computer Vision and Pattern Recognition (CVPR)},
	year={2023},
	pages={12105-12114},
	url={https://api.semanticscholar.org/CorpusID:259226993}
}
%Ojha
@article{Ojha2023TowardsUF,
	title={Towards Universal Fake Image Detectors that Generalize Across Generative Models},
	author={Utkarsh Ojha and Yuheng Li and Yong Jae Lee},
	journal={2023 IEEE/CVF Conference on Computer Vision and Pattern Recognition (CVPR)},
	year={2023},
	pages={24480-24489},
	url={https://api.semanticscholar.org/CorpusID:257038440}
}
%DIRE
@article{Wang2023DIREFD,
	title={DIRE for Diffusion-Generated Image Detection},
	author={Zhendong Wang and Jianmin Bao and Wen-gang Zhou and Weilun Wang and Hezhen Hu and Hong Chen and Houqiang Li},
	journal={2023 IEEE/CVF International Conference on Computer Vision (ICCV)},
	year={2023},
	pages={22388-22398},
	url={https://api.semanticscholar.org/CorpusID:257557819}
}
%
@article{Zhang2019DetectingAS,
	title={Detecting and Simulating Artifacts in GAN Fake Images},
	author={Xu Zhang and Svebor Karaman and Shih-Fu Chang},
	journal={2019 IEEE International Workshop on Information Forensics and Security (WIFS)},
	year={2019},
	pages={1-6},
	url={https://api.semanticscholar.org/CorpusID:196622700}
}
%FreqNet
@article{Tan2024FrequencyAwareDD,
	title={Frequency-Aware Deepfake Detection: Improving Generalizability through Frequency Space Learning},
	author={Chuangchuang Tan and Yao Zhao and Shikui Wei and Guanghua Gu and Ping Liu and Yunchao Wei},
	journal={ArXiv},
	year={2024},
	volume={abs/2403.07240},
	url={https://api.semanticscholar.org/CorpusID:268890333}
}
%FFT
@article{Arunachalam2013TheFF,
	title={The Fast Fourier Transform Algorithm and Its Application in Digital Image Processing},
	author={S P Arunachalam and S. M. Khairnar and B. S. Desale},
	journal={Mathematical theory and modeling},
	year={2013},
	volume={3},
	pages={267-273},
	url={https://api.semanticscholar.org/CorpusID:60800158}
}
%DCT
@ARTICLE{1672377,
	author={Ahmed, N. and Natarajan, T. and Rao, K.R.},
	journal={IEEE Transactions on Computers}, 
	title={Discrete Cosine Transform}, 
	year={1974},
	volume={C-23},
	number={1},
	pages={90-93},
	keywords={Discrete cosine transform, discrete Fourier transform, feature selection, Haar transform, Karhunen-Lo√®ve transform, rate distortion, Walsh-Hadamard transform, Wiener vector and scalar filtering.},
	doi={10.1109/T-C.1974.223784}}

%CNNs
@article{Krizhevsky2012ImageNetCW,
	title={ImageNet classification with deep convolutional neural networks},
	author={Alex Krizhevsky and Ilya Sutskever and Geoffrey E. Hinton},
	journal={Communications of the ACM},
	year={2012},
	volume={60},
	pages={84 - 90},
	url={https://api.semanticscholar.org/CorpusID:195908774}
}
@article{Rssler2019FaceForensicsLT,
	title={FaceForensics++: Learning to Detect Manipulated Facial Images},
	author={Andreas R{\"o}ssler and Davide Cozzolino and Luisa Verdoliva and Christian Riess and Justus Thies and Matthias Nie{\ss}ner},
	journal={2019 IEEE/CVF International Conference on Computer Vision (ICCV)},
	year={2019},
	pages={1-11},
	url={https://api.semanticscholar.org/CorpusID:59292011}
}
%
%StyleGAN2
@article{Karras2019AnalyzingAI,
	title={Analyzing and Improving the Image Quality of StyleGAN},
	author={Tero Karras and Samuli Laine and Miika Aittala and Janne Hellsten and Jaakko Lehtinen and Timo Aila},
	journal={2020 IEEE/CVF Conference on Computer Vision and Pattern Recognition (CVPR)},
	year={2019},
	pages={8107-8116},
	url={https://api.semanticscholar.org/CorpusID:209202273}
}
%
@article{Wang2021RepresentativeFM,
	title={Representative Forgery Mining for Fake Face Detection},
	author={Chengrui Wang and Weihong Deng},
	journal={2021 IEEE/CVF Conference on Computer Vision and Pattern Recognition (CVPR)},
	year={2021},
	pages={14918-14927},
	url={https://api.semanticscholar.org/CorpusID:233231590}
}
%PatchCraft
@misc{zhong2024patchcraftexploringtexturepatch,
	title={PatchCraft: Exploring Texture Patch for Efficient AI-generated Image Detection}, 
	author={Nan Zhong and Yiran Xu and Sheng Li and Zhenxing Qian and Xinpeng Zhang},
	year={2024},
	eprint={2311.12397},
	archivePrefix={arXiv},
	primaryClass={cs.CV},
	url={https://arxiv.org/abs/2311.12397}, 
}
%DALL-E
@misc{dalle2,
	author       = {OpenAI},
	title        = {DALL¬∑E 2},
	howpublished = {\url{https://openai.com/index/dall-e-2/}},
	year         = {2024},
	note         = {Accessed: 2024-08-21}
}
%DeepArt
@misc{deepart,
	author       = {DeepArt},
	title        = {DeepArt.io},
	howpublished = {\url{https://www.artvy.ai/ai-tools/deepartio}},
	year         = {2024},
	note         = {Accessed: 2024-08-21}
}
%SpottingAI
@misc{spottingai,
	author       = {Britannica for Schools},
	title        = {Spotting AI: Knowing How to Recognise Real vs AI Images},
	howpublished = {\url{https://elearn.eb.com/real-vs-ai-images/}},
	year         = {2024},
	note         = {Accessed: 2024-08-21}
}
%Finite_difference
@inproceedings{Mickens2015DifferenceE,
	title={Difference equations : theory, applications and advanced topics},
	author={Ronald E. Mickens},
	booktitle={Difference equations : theory, applications and advanced topics},
	year={2015},
	url={https://api.semanticscholar.org/CorpusID:117029943}
}
%Finite_difference
@online{finite_difference,
	title = {Finite Difference},
	author = {{Wikipedia Contributors}},
	year = {2024},
	url={en.wikipedia.org/wiki/Finite\_difference}, 
	note = {Accessed: 2024-08-21}
}
%Rich and poor texture contrast moethod.
@article{zhong2023rich,
	title={Rich and poor texture contrast: A simple yet effective approach for ai-generated image detection},
	author={Zhong, Nan and Xu, Yiran and Qian, Zhenxing and Zhang, Xinpeng},
	journal={arXiv preprint arXiv:2311.12397},
	year={2023}
}


@article{Borji2023QualitativeFO,
	title={Qualitative Failures of Image Generation Models and Their Application in Detecting Deepfakes},
	author={Ali Borji},
	journal={ArXiv},
	year={2023},
	volume={abs/2304.06470},
	url={https://api.semanticscholar.org/CorpusID:257826680}
}

@article{Hu2020ExposingGF,
	title={Exposing GAN-Generated Faces Using Inconsistent Corneal Specular Highlights},
	author={Shu Hu and Yuezun Li and Siwei Lyu},
	journal={ICASSP 2021 - 2021 IEEE International Conference on Acoustics, Speech and Signal Processing (ICASSP)},
	year={2020},
	pages={2500-2504},
	url={https://api.semanticscholar.org/CorpusID:221949373}
}

@article{Yang2018ExposingDF,
	title={Exposing Deep Fakes Using Inconsistent Head Poses},
	author={Xin Yang and Yuezun Li and Siwei Lyu},
	journal={ICASSP 2019 - 2019 IEEE International Conference on Acoustics, Speech and Signal Processing (ICASSP)},
	year={2018},
	pages={8261-8265},
	url={https://api.semanticscholar.org/CorpusID:53295714}
}

@misc{Ai_won_an_art_contest,
	title = {AI won an art contest, and artists are furious},
	howpublished = {\url{https://edition.cnn.com/2022/09/03/tech/ai-art-fair-winner-controversy/index.html}},
	note = {Accessed: 2024-03-26}
}

@misc{Ai_chief_financial_officer,
	title = {Finance worker pays out \$25 million after video call with deepfake},
	howpublished = {\url{https://edition.cnn.com/2024/02/04/asia/deepfake-cfo-scam-hong-kong-intl-hnk/index.html}},
	note = {Accessed: 2024-03-26}
}

@article{Esser2024ScalingRF,
	title={Scaling Rectified Flow Transformers for High-Resolution Image Synthesis},
	author={Patrick Esser and Sumith Kulal and A. Blattmann and Rahim Entezari and Jonas Muller and Harry Saini and Yam Levi and Dominik Lorenz and Axel Sauer and Frederic Boesel and Dustin Podell and Tim Dockhorn and Zion English and Kyle Lacey and Alex Goodwin and Yannik Marek and Robin Rombach},
	journal={ArXiv},
	year={2024},
	volume={abs/2403.03206},
	url={https://api.semanticscholar.org/CorpusID:268247980}
}



@article{Chen2024ASS,
	title={A Single Simple Patch is All You Need for AI-generated Image Detection},
	author={Jiaxuan Chen and Jieteng Yao and Li Niu},
	journal={ArXiv},
	year={2024},
	volume={abs/2402.01123},
	url={https://api.semanticscholar.org/CorpusID:267406771}
}

@article{Wang2016PureSR,
	title={Pure spatial rich model features for digital image steganalysis},
	author={Pengfei Wang and Zhihui Wei and Liang Xiao},
	journal={Multimedia Tools and Applications},
	year={2016},
	volume={75},
	pages={2897-2912},
	url={https://api.semanticscholar.org/CorpusID:16689570}
}

@inproceedings{Liu2022DetectingGI,
	title={Detecting Generated Images by Real Images},
	author={Bo Liu and Fan Yang and Xiuli Bi and Bin Xiao and Weisheng Li and Xinbo Gao},
	booktitle={European Conference on Computer Vision},
	year={2022},
	url={https://api.semanticscholar.org/CorpusID:253121047}
}


%VAEs
@inproceedings{Lopez2020AUTOENCODINGVB,
	title={AUTO-ENCODING VARIATIONAL BAYES},
	author={Romain Lopez and Pierre Boyeau and Nir Yosef and Michael I. Jordan and Jeffrey Regier},
	year={2020},
	url={https://api.semanticscholar.org/CorpusID:211146177}
}



%ProGAN
@article{karras2018progressive,
	title={Progressive Growing of GANs for Improved Quality, Stability, and Variation},
	author={Tero Karras and Timo Aila and Samuli Laine and Jaakko Lehtinen},
	journal={ArXiv},
	year={2017},
	volume={abs/1710.10196},
	url={https://api.semanticscholar.org/CorpusID:3568073}
}

%StyleGAN
@article{karras2019style,
	title={A Style-Based Generator Architecture for Generative Adversarial Networks},
	author={Tero Karras and Samuli Laine and Timo Aila},
	journal={2019 IEEE/CVF Conference on Computer Vision and Pattern Recognition (CVPR)},
	year={2018},
	pages={4396-4405},
	url={https://api.semanticscholar.org/CorpusID:54482423}
}

%BigGAN
@article{brock2018large,
	title={Large Scale Training for High Fidelity Natural Image Synthesis},
	author={Andrew Brock and Jeff Donahue and Karen Simonyan},
	journal={ArXiv},
	year={2018},
	volume={abs/1809.11096},
	url={https://api.semanticscholar.org/CorpusID:52889459}
}

%CycleGAN
@INPROCEEDINGS{zhu2017unpaired,
	author={Zhu, Jun-Yan and Park, Taesung and Isola, Phillip and Efros, Alexei A.},
	booktitle={2017 IEEE International Conference on Computer Vision (ICCV)}, 
	title={Unpaired Image-to-Image Translation Using Cycle-Consistent Adversarial Networks}, 
	year={2017},
	volume={},
	number={},
	pages={2242-2251},
	keywords={Training;Painting;Training data;Semantics;Extraterrestrial measurements;Graphics},
	doi={10.1109/ICCV.2017.244}}


%StarGAN
@INPROCEEDINGS{choi2018stargan,
	author={Choi, Yunjey and Choi, Minje and Kim, Munyoung and Ha, Jung-Woo and Kim, Sunghun and Choo, Jaegul},
	booktitle={2018 IEEE/CVF Conference on Computer Vision and Pattern Recognition}, 
	title={StarGAN: Unified Generative Adversarial Networks for Multi-domain Image-to-Image Translation}, 
	year={2018},
	volume={},
	number={},
	pages={8789-8797},
	keywords={Generators;Task analysis;Training;Image reconstruction;Generative adversarial networks;Hair;Gallium nitride},
	doi={10.1109/CVPR.2018.00916}}



%GauGAN
@article{park2019SPADE,
	title={Semantic Image Synthesis With Spatially-Adaptive Normalization},
	author={Taesung Park and Ming-Yu Liu and Ting-Chun Wang and Jun-Yan Zhu},
	journal={2019 IEEE/CVF Conference on Computer Vision and Pattern Recognition (CVPR)},
	year={2019},
	pages={2332-2341},
	url={https://api.semanticscholar.org/CorpusID:81981856}
}

%CRN
@article{chen2017photographic,
	title={Photographic Image Synthesis with Cascaded Refinement Networks},
	author={Qifeng Chen and Vladlen Koltun},
	journal={2017 IEEE International Conference on Computer Vision (ICCV)},
	year={2017},
	pages={1520-1529},
	url={https://api.semanticscholar.org/CorpusID:8191987}
}


%IMLE
@article{li2019diverse,
	title={Diverse Image Synthesis From Semantic Layouts via Conditional IMLE},
	author={Ke Li and Tianhao Zhang and Jitendra Malik},
	journal={2019 IEEE/CVF International Conference on Computer Vision (ICCV)},
	year={2018},
	pages={4219-4228},
	url={https://api.semanticscholar.org/CorpusID:53997451}
}


%SITD
@article{chen2018learning,
	title={Learning to See in the Dark},
	author={Cheng Chen and Qifeng Chen and Jia Xu and Vladlen Koltun},
	journal={2018 IEEE/CVF Conference on Computer Vision and Pattern Recognition},
	year={2018},
	pages={3291-3300},
	url={https://api.semanticscholar.org/CorpusID:4691825}
}


%SAN
@article{dai2019second,
	title={Second-Order Attention Network for Single Image Super-Resolution},
	author={Tao Dai and Jianrui Cai and Yongbing Zhang and Shutao Xia and Lei Zhang},
	journal={2019 IEEE/CVF Conference on Computer Vision and Pattern Recognition (CVPR)},
	year={2019},
	pages={11057-11066},
	url={https://api.semanticscholar.org/CorpusID:174788791}
}

%Deepfake
@INPROCEEDINGS{rossler2019faceforensics++,
	author={Dai, Tao and Cai, Jianrui and Zhang, Yongbing and Xia, Shu-Tao and Zhang, Lei},
	booktitle={2019 IEEE/CVF Conference on Computer Vision and Pattern Recognition (CVPR)}, 
	title={Second-Order Attention Network for Single Image Super-Resolution}, 
	year={2019},
	volume={},
	number={},
	pages={11057-11066},
	keywords={Low-level Vision;Deep Learning},
	doi={10.1109/CVPR.2019.01132}}


%LSUN
@article{Yu2015LSUNCO,
	title={LSUN: Construction of a Large-scale Image Dataset using Deep Learning with Humans in the Loop},
	author={Fisher Yu and Yinda Zhang and Shuran Song and Ari Seff and Jianxiong Xiao},
	journal={ArXiv},
	year={2015},
	volume={abs/1506.03365},
	url={https://api.semanticscholar.org/CorpusID:8317437}
}

%Cross-entropy
@ARTICLE{2023arXiv230407288M,
	author = {{Mao}, Anqi and {Mohri}, Mehryar and {Zhong}, Yutao},
	title = "{Cross-Entropy Loss Functions: Theoretical Analysis and Applications}",
	journal = {arXiv e-prints},
	keywords = {Computer Science - Machine Learning, Statistics - Machine Learning},
	year = 2023,
	month = apr,
	eid = {arXiv:2304.07288},
	pages = {arXiv:2304.07288},
	doi = {10.48550/arXiv.2304.07288},
	archivePrefix = {arXiv},
	eprint = {2304.07288},
	primaryClass = {cs.LG},
	adsurl = {https://ui.adsabs.harvard.edu/abs/2023arXiv230407288M},
	adsnote = {Provided by the SAO/NASA Astrophysics Data System}
}

%VIT Vision Transformer
@article{dosovitskiy2020image,
	title={An image is worth 16x16 words: Transformers for image recognition at scale},
	author={Dosovitskiy, Alexey and Beyer, Lucas and Kolesnikov, Alexander and Weissenborn, Dirk and Zhai, Xiaohua and Unterthiner, Thomas and Dehghani, Mostafa and Minderer, Matthias and Heigold, Georg and Gelly, Sylvain and others},
	journal={arXiv preprint arXiv:2010.11929},
	year={2020}
}



%%%%%%%%%%%%%%%%%%%%%%%%%%%%%%%%%%%%%%%%%%%%%%%%%%%%%%%%%%%%%%%%%%%%%%%%%%%
@online{HDLVThS,
 keywords             = {Viet},
 author               = {Tr∆∞·ªùng ƒêHKH T·ª± nhi√™n},
 title                = {Quy ƒë·ªãnh v√† h∆∞·ªõng d·∫´n th·ª±c hi·ªán lu·∫≠n vƒÉn th·∫°c sƒ©},
 url                  = {http://www.hcmus.edu.vn/index.php?option=com_content&task=blogcategory&id=142&Itemid=506},
 urldate              = {2015-06-06},
 year                 = {2011},
 }
 
@book{2006-DDien,
 keywords             = {Viet},
 author               = {ƒêinh ƒêi·ªÅn},
 publisher            = {Nh√† xu·∫•t b·∫£n ƒê·∫°i h·ªçc Qu·ªëc gia TP H·ªì Ch√≠ Minh},
 title                = {X·ª≠ l√≠ ng√¥n ng·ªØ t·ª± nhi√™n},
 year                 = {2006},
 }
 
@book{2006-NPTV,
 keywords             = {Viet},
 author               = {Di·ªáp Quang Ban and Ho√†ng VƒÉn Thung},
 publisher            = {Nh√† xu·∫•t b·∫£n Gi√°o d·ª•c},
 title                = {Ng·ªØ ph√°p ti·∫øng Vi·ªát},
 year                 = {2006},
 }
 
@book{1984-TeX-Knuth,
 author               = {Donald E. Knuth},
 publisher            = {Addison-Wesley},
 title                = {The {{\TeX}book}},
 year                 = {1984},
 }

@article{1989-TED,
 author               = {Kaizhong Zhang and Dennis Shasha},
 journal              = {SIAM Journal on Computing, Volume 18 Issue 6},
 pages                = {1245-1262},
 title                = {{Simple fast algorithms for the editing distance between trees and related problems}},
 year                 = {1989},
 }

@inproceedings{1994-Cavnar,
 author               = {William B. Cavnar and John M. Trenkle},
 booktitle            = {In Proceedings of SDAIR-94, 3rd Annual Symposium on Document Analysis and Information Retrieval},
 pages                = {161--175},
 title                = {N-Gram-Based Text Categorization},
 year                 = {1994},
 }

@online{Figures,
 author               = {Online},
 title                = {LaTeX/Floats, Figures and Captions},
 url                  = {http://en.wikibooks.org/wiki/LaTeX/Floats,_Figures_and_Captions},
 urldate              = {2015-06-06},
 }

@online{Listings,
 author               = {Online},
 title                = {LaTeX/Source Code Listings},
 url                  = {http://en.wikibooks.org/wiki/LaTeX/Source_Code_Listings},
 urldate              = {2015-06-06},
 }

@online{Tables,
 author               = {Online},
 title                = {LaTeX/Tables},
 url                  = {http://en.wikibooks.org/wiki/LaTeX/Tables},
 urldate              = {2015-06-06},
 }

@misc{URL-DLMF,
 author               = {{National Institute of Standards and Technology}},
 howpublished         = {\url{http://dlmf.nist.gov}},
 month                = {Nov},
 title                = {Digital library of mathematical functions},
 year                 = {2013},
 }

%Cityscapes
@inproceedings{Cordts2016Cityscapes,
	title={The Cityscapes Dataset for Semantic Urban Scene Understanding},
	author={Cordts, Marius and Omran, Mohamed and Ramos, Sebastian and Rehfeld, Timo and Enzweiler, Markus and Benenson, Rodrigo and Franke, Uwe and Roth, Stefan and Schiele, Bernt},
	booktitle={Proc. of the IEEE Conference on Computer Vision and Pattern Recognition (CVPR)},
	year={2016}
}

%CMP Facade
@INPROCEEDINGS{Tylecek13,
	author = {Radim Tyle{\v c}ek and Radim {\v S}{\' a}ra},
	title = {Spatial Pattern Templates for Recognition of Objects with Regular Structure},
	booktitle = {Proc. GCPR},
	year = {2013},
	address = {Saarbrucken, Germany},
}

%UT Zappos50K dataset
@INPROCEEDINGS{6909426,
	author={Yu, Aron and Grauman, Kristen},
	booktitle={2014 IEEE Conference on Computer Vision and Pattern Recognition}, 
	title={Fine-Grained Visual Comparisons with Local Learning}, 
	year={2014},
	volume={},
	number={},
	pages={192-199},
	keywords={Training;Visualization;Training data;Footwear;Learning systems;Euclidean distance;fine-grained;relative attributes;learning-to-rank;local learning},
	doi={10.1109/CVPR.2014.32}}

%CelebA Dataset
@inproceedings{liu2015faceattributes,
	title = {Deep Learning Face Attributes in the Wild},
	author = {Liu, Ziwei and Luo, Ping and Wang, Xiaogang and Tang, Xiaoou},
	booktitle = {Proceedings of International Conference on Computer Vision (ICCV)},
	month = {December},
	year = {2015} 
}

%COCO Dataset
@inproceedings{lin2014microsoft,
	title={Microsoft coco: Common objects in context},
	author={Lin, Tsung-Yi and Maire, Michael and Belongie, Serge and Hays, James and Perona, Pietro and Ramanan, Deva and Doll{\'a}r, Piotr and Zitnick, C Lawrence},
	booktitle={Computer vision--ECCV 2014: 13th European conference, zurich, Switzerland, September 6-12, 2014, proceedings, part v 13},
	pages={740--755},
	year={2014},
	organization={Springer}
}

%GTA Dataset
@inproceedings{barua2025gta,
	title={GTA-HDR: A large-scale synthetic dataset for HDR image reconstruction},
	author={Barua, Hrishav Bakul and Stefanov, Kalin and Wong, KokSheik and Dhall, Abhinav and Krishnasamy, Ganesh},
	booktitle={2025 IEEE/CVF Winter Conference on Applications of Computer Vision (WACV)},
	pages={7876--7886},
	year={2025},
	organization={IEEE}
}

%SITD
@inproceedings{sitd,
	author = {Chen, Chen and Chen, Qifeng and Xu, Jia and Koltun, Vladlen},
	year = {2018},
	month = {06},
	pages = {3291-3300},
	title = {Learning to See in the Dark},
	doi = {10.1109/CVPR.2018.00347}
}

%DIV2K
@InProceedings{Agustsson_2017_CVPR_Workshops,
	author = {Agustsson, Eirikur and Timofte, Radu},
	title = {NTIRE 2017 Challenge on Single Image Super-Resolution: Dataset and Study},
	booktitle = {The IEEE Conference on Computer Vision and Pattern Recognition (CVPR) Workshops},
	month = {July},
	year = {2017}
} 

%SAN 
@INPROCEEDINGS{8954252,
	author={Dai, Tao and Cai, Jianrui and Zhang, Yongbing and Xia, Shu-Tao and Zhang, Lei},
	booktitle={2019 IEEE/CVF Conference on Computer Vision and Pattern Recognition (CVPR)}, 
	title={Second-Order Attention Network for Single Image Super-Resolution}, 
	year={2019},
	volume={},
	number={},
	pages={11057-11066},
	keywords={Low-level Vision;Deep Learning},
	doi={10.1109/CVPR.2019.01132}}
	
%FaceForensics++	
@misc{faceforensicslearningdetectmanipulated,
	title={FaceForensics++: Learning to Detect Manipulated Facial Images}, 
	author={Andreas R√∂ssler and Davide Cozzolino and Luisa Verdoliva and Christian Riess and Justus Thies and Matthias Nie√üner},
	year={2019},
	eprint={1901.08971},
	archivePrefix={arXiv},
	primaryClass={cs.CV},
	url={https://arxiv.org/abs/1901.08971}, 
}
